
    <record>
        <leader>00000nz  a2200169   4500</leader>
        <controlfield tag="001">30076534</controlfield>
        <controlfield tag="003">RISM</controlfield>
        <controlfield tag="005">20160216</controlfield>
        <controlfield tag="008">160216n||az|||||||##########||||||||||||</controlfield>
        <datafield tag="040" ind1=" " ind2=" ">
            <subfield code="a">PE-La</subfield>
        </datafield>
        <datafield tag="043" ind1=" " ind2=" ">
            <subfield code="c">XD-PE</subfield>
        </datafield>
        <datafield tag="110" ind1="2" ind2=" ">
            <subfield code="a">Archivo Histórico Arzobispal</subfield>
            <subfield code="c">Lima</subfield>
            <subfield code="g">PE-La</subfield>
        </datafield>
        <datafield tag="622" ind1=" " ind2=" ">
            <subfield code="e">Archivo Histórico Arzobispal, Calle Luis Espejo 1064, Lima, Peru</subfield>
        </datafield>
    </record>